@book{candelpergher2013,
  title={Théorie des probabilités : une introduciton élémentaire},
  author={Candelpergher, Bernard},
  isbn={9782916352138},
  series={Mathématiques en devenir},
  year={2013},
  publisher={Calvage \& Mounet}
}

@book{ouvrard1998probabilites,
  title={Probabilit{\'e}s: Tome 1, Capes-Agr{\'e}gation},
  author={Ouvrard, Jean-Yves},
  isbn={9782842250041},
  series={Enseignement des math{\'e}matiques},
  url={https://books.google.fr/books?id=eKBqLQAACAAJ},
  year={1998},
  publisher={Cassini}
}

@book{Bishop:2006:PRM:1162264,
 author = {Bishop, Christopher M.},
 title = {Pattern Recognition and Machine Learning (Information Science and Statistics)},
 year = {2006},
 isbn = {0387310738},
 publisher = {Springer-Verlag},
 address = {Berlin, Heidelberg}
}

@misc{aleaprobasIX,
  title = {Aléatoire: introduction aux probabilités parties {I}},
  author = {Ecole Polytechnique},
  howpublished = {\url{https://www.coursera.org/learn/probabilites-1}}
}

@misc{aleaprobasIIX,
  title = {Aléatoire: introduction aux probabilités parties {II}},
  author = {Ecole Polytechnique},
  howpublished = {\url{https://www.coursera.org/learn/probabilites-2}}
}
